@article{SURTAVI,
	author = {Reardon, Michael J. and Van Mieghem, Nicolas M. and Popma, Jeffrey J. and Kleiman, Neal S. and S\o{}ndergaard, Lars and Mumtaz, Mubashir and Adams, David H. and Deeb, G. Michael and Maini, Brijeshwar and Gada, Hemal and Chetcuti, Stanley and Gleason, Thomas and Heiser, John and Lange, R\"{u}diger and Merhi, William and Oh, Jae K. and Olsen, Peter S. and Piazza, Nicolo and Williams, Mathew and Windecker, Stephan and Yakubov, Steven J. and Grube, Eberhard and Makkar, Raj and Lee, Joon S. and Conte, John and Vang, Eric and Nguyen, Hang and Chang, Yanping and Mugglin, Andrew S. and Serruys, Patrick W.J.C. and Kappetein, Arie P.},
	title = {Surgical or Transcatheter Aortic-Valve Replacement in Intermediate-Risk Patients},
	journal = {New England Journal of Medicine},
	volume = {376},
	number = {14},
	pages = {1321-1331},
	year = {2017},
	doi = {10.1056/NEJMoa1700456},
	note ={PMID: 28304219},
	
	URL = { 
		https://doi.org/10.1056/NEJMoa1700456
	},
	eprint = { 
		https://doi.org/10.1056/NEJMoa1700456
	}
}

@ELECTRONIC{abbr,
	title = {{TERMDAT} - {D}ie {T}erminologiedatenbank der {B}undesverwaltung},
	url = {https://www.termdat.bk.admin.ch/search/entry/477401},
	note = {Accessed: 2024.01.06}
}

@ELECTRONIC{rki,
	title = {Robert Koch Institut},
	url = {https://www.rki.de/DE/Content/InfAZ/N/Neuartiges_Coronavirus/Steckbrief.html},
	note = {Accessed: 2024.01.06}
}